@MISC{Graubner2012Energy-efficient,
   author = "Pablo Graubner",
   note = "Präsentation Accuracy-Aware Data Processing",
   year = 2012
}

@MISC{Kommey,
   author = "Jonathan G. Koomey",
   note = "GROWTH IN DATA CENTER ELECTRICITY USE 2005 TO 2010",
   year = 2011
}

@MISC{Lange,
  AUTHOR = "Martin Lange, Ulrich Schöpp",
  TITLE = "Vorlesungsskript Serialisierung WS08-09 LMU Muenchen",
  YEAR = "2009"
 }
 
 @MISC{SBoegel,
  AUTHOR = "Stephan Bögel",
  TITLE = "Vortragsfolien Remote Method Invocation",
  howpublished = "\url{http://www.sbgl.de/rmi/}",
  year = {2005}, 
  note = "[Online; Zugriff 10-Sep-2012]"
 }
 
@MISC{KKoehler,
  AUTHOR = "Kristian Köhler",
  TITLE = "JMX - Management",
  YEAR = "2003"
}

@MISC{wikiJMX,
  AUTHOR = "Wikipedia",
  TITLE = "Java Management Extensions",
  YEAR = "2006"
}


@MISC{JavaAssi,
  AUTHOR = "Dennis Sosnoski",
  TITLE = "Java programming dynamics, Part 4: Class transformation with Javassist",
  YEAR = "2003"
}

@MISC{HotSwapper,
  AUTHOR = "Jevgeni Kabanov",
  TITLE = "Reloading Java Classes 401: HotSwap and JRebel — Behind the Scenes",
  YEAR = "2010"
}



@Article{JMXOracale,
  author =       {Sun Microsystems, Inc},
  title =        {Java Management Extensions Specification, Version 1.4},
  journal =      "",
  year =         {2006},
  volume =    {},
  number =    {},
  month =     {},
  pages =     {24-28},
  note =      {},
  annote =    {}
}

@Article{BITKOM,
  author =       {Bundesverband Informationswirtschaft,Telekommunikation und neue Medien e. V.},
  title =        {Energieeffizienz im Rechenzentrum},
  journal =      "",
  year =         {2010},
  volume =    {2},
  number =    {},
  month =     {},
  pages =     {6-8},
  note =      {},
  annote =    {}
}

@article{green,
 author = {Baek, Woongki and Chilimbi, Trishul M.},
 title = {Green: a framework for supporting energy-conscious programming using controlled approximation},
 journal = {SIGPLAN Not.},
 issue_date = {June 2010},
 volume = {45},
 number = {6},
 month = jun,
 year = {2010},
 issn = {0362-1340},
 pages = {198--209},
 numpages = {12},
 url = {http://doi.acm.org/10.1145/1809028.1806620},
 doi = {10.1145/1809028.1806620},
 acmid = {1806620},
 publisher = {ACM},
 address = {New York, NY, USA},
 keywords = {controlled approximation, energy-conscious programming},
}



@Article{EnerJ11,
  author =	"Adrian Sampson and Werner Dietl and Emily Fortuna and
		 Danushen Gnanapragasam and Luis Ceze and Dan Grossman",
  title =	"{EnerJ}: approximate data types for safe and general
		 low-power computation",
  journal =	"ACM SIG{\-}PLAN Notices",
  volume =	"46",
  number =	"6",
  pages =	"164--174",
  month =	jun,
  year = 	"2011",
  CODEN =	"SINODQ",
  doi =  	"http://dx.doi.org/10.1145/1993316.1993518",
  ISSN = 	"0362-1340 (print), 1523-2867 (print), 1558-1160
		 (electronic)",
  issn-l =	"0362-1340",
  bibdate =	"Thu Jun 9 10:23:33 MDT 2011",
  bibsource =	"http://portal.acm.org/;
		 http://www.math.utah.edu/pub/tex/bib/sigplan2010.bib",
  acknowledgement = "Nelson H. F. Beebe, University of Utah, Department
		 of Mathematics, 110 LCB, 155 S 1400 E RM 233, Salt Lake
		 City, UT 84112-0090, USA, Tel: +1 801 581 5254, FAX: +1
		 801 581 4148, e-mail: \path|beebe@math.utah.edu|,
		 \path|beebe@acm.org|, \path|beebe@computer.org|
		 (Internet), URL:
		 \path|http://www.math.utah.edu/~beebe/|",
  fjournal =	"ACM SIGPLAN Notices",
  doi-url =	"http://dx.doi.org/10.1145/1993316.1993518",
}

@InProceedings{Rinard06,
  author =	"Martin C. Rinard and Yoichi Muraoka",
  editor =	"Gregory K. Egan",
  title =	"Probabilistic accuracy bounds for fault-tolerant
		 computations that discard tasks",
  booktitle =	"Proceedings of the 20th Annual International
		 Conference on Supercomputing (20th ICS'06)",
  pages =	"324--334",
  publisher =	"ACM",
  address =	"Cairns, Queensland, Australia",
  month =	jun # "-" # jul,
  year = 	"2006",
}

@InProceedings{correctness,
  title =	"Application-Level Correctness and its Impact on Fault
		 Tolerance",
  author =	"Xuanhua Li and Donald Yeung",
  publisher =	"IEEE Computer Society",
  year = 	"2007",
  pages =	"181--192",
  URL =  	"http://doi.ieeecomputersociety.org/10.1109/HPCA.2007.346196",
}


@Misc{CodePerforation,
  title =	"Using Code Perforation to Improve Performance, Reduce
		 Energy Consumption, and Respond to Failures",
  author =	"Anant Agarwal and Martin Rinard and Stelios Sidiroglou
		 and Sasa Misailovic and Henry Hoffmann",
  year = 	"2009",
  contributor =  "Martin Rinard and Computer Architecture",
  format =	"19 p.",
  oai =  	"oai:dspace.mit.edu:1721.1/46709",
  relation =	"MIT-CSAIL-TR-2009-042",
  URL =  	"http://hdl.handle.net/1721.1/46709",
}


@InProceedings{checkerframework,
  title =	"Practical pluggable types for java",
  author =	"Matthew M. Papi and Mahmood Ali and Telmo Luis Correa
		 Jr. and Jeff H. Perkins and Michael D. Ernst",
  bibdate =	"2008-08-04",
  bibsource =	"DBLP,
		 http://dblp.uni-trier.de/db/conf/issta/issta2008.html#PapiACPE08",
  booktitle =	"ISSTA",
  booktitle =	"Proceedings of the {ACM}/{SIGSOFT} International
		 Symposium on Software Testing and Analysis, {ISSTA}
		 2008, Seattle, {WA}, {USA}, July 20-24, 2008",
  publisher =	"ACM",
  year = 	"2008",
  editor =	"Barbara G. Ryder and Andreas Zeller",
  ISBN = 	"978-1-60558-050-0",
  pages =	"201--212",
  URL =  	"http://doi.acm.org/10.1145/1390630.1390656",
}

@InProceedings{randomized,
  title =	"Randomized accuracy-aware program transformations for
		 efficient approximate computations",
  author =	"Zeyuan Allen Zhu and Sasa Misailovic and Jonathan A.
		 Kelner and Martin C. Rinard",
  bibdate =	"2012-01-27",
  bibsource =	"DBLP,
		 http://dblp.uni-trier.de/db/conf/popl/popl2012.html#ZhuMKR12",
  booktitle =	"POPL",
  booktitle =	"Proceedings of the 39th {ACM} {SIGPLAN}-{SIGACT}
		 Symposium on Principles of Programming Languages,
		 {POPL} 2012, Philadelphia, Pennsylvania, {USA}, January
		 22-28, 2012",
  publisher =	"ACM",
  year = 	"2012",
  editor =	"John Field and Michael Hicks",
  ISBN = 	"978-1-4503-1083-3",
  pages =	"441--454",
  URL =  	"http://dl.acm.org/citation.cfm?id=2103656",
}

@Book{GammaEtAl00,
  author =	"Gamma and Helm and Johnson and Vlissides",
  title =	"Design Patterns Elements of Reusable Object-Oriented
		 Software",
  publisher =	"Addison-Wesley",
  address =	"Massachusetts",
  year = 	"2000",
  ISBN = 	"0-201-63361-2",
}

@InProceedings{loopPerforation,
  title =	"Managing performance vs. accuracy trade-offs with loop
		 perforation",
  author =	"Stelios Sidiroglou-Douskos and Sasa Misailovic and
		 Henry Hoffmann and Martin C. Rinard",
  bibdate =	"2011-09-08",
  bibsource =	"DBLP,
		 http://dblp.uni-trier.de/db/conf/sigsoft/fse2011.html#Sidiroglou-DouskosMHR11",
  booktitle =	"SIGSOFT FSE",
  booktitle =	"{SIGSOFT}/{FSE}'11 19th {ACM} {SIGSOFT} Symposium on
		 the Foundations of Software Engineering ({FSE}-19) and
		 {ESEC}'11: 13rd European Software Engineering
		 Conference ({ESEC}-13), Szeged, Hungary, September 5-9,
		 2011",
  publisher =	"ACM",
  year = 	"2011",
  editor =	"Tibor Gyim{\'o}thy and Andreas Zeller",
  ISBN = 	"978-1-4503-0443-6",
  pages =	"124--134",
  URL =  	"http://doi.acm.org/10.1145/2025113.2025133",
}

@Article{Huang:2011:SBA,
  author =	"Gang Huang and Weihu Wang and Tiancheng Liu and Hong
		 Mei",
  title =	"Simulation-based analysis of middleware service impact
		 on system reliability: {Experiment} on {Java}
		 application server",
  journal =	"The Journal of systems and software",
  volume =	"84",
  number =	"7",
  pages =	"1160--1170",
  month =	jul,
  year = 	"2011",
  CODEN =	"JSSODM",
  ISSN = 	"0164-1212",
  bibdate =	"Tue Jun 21 10:22:31 MDT 2011",
  bibsource =	"http://www.math.utah.edu/pub/tex/bib/java2010.bib;
		 http://www.sciencedirect.com/science/journal/01641212",
  acknowledgement = "Nelson H. F. Beebe, University of Utah, Department
		 of Mathematics, 110 LCB, 155 S 1400 E RM 233, Salt Lake
		 City, UT 84112-0090, USA, Tel: +1 801 581 5254, FAX: +1
		 801 581 4148, e-mail: \path|beebe@math.utah.edu|,
		 \path|beebe@acm.org|, \path|beebe@computer.org|
		 (Internet), URL:
		 \path|http://www.math.utah.edu/~beebe/|",
  fjournal =	"Journal of Systems and Software",
}

